@article{appeldornLegislativeCapacityGermanys2022,
  title = {Legislative {{Capacity}} in {{Germany}}'s {{Parliaments}}},
  author = {Appeldorn, Niels H. and Fortunato, David},
  year = {2022},
  month = may,
  journal = {Legislative Studies Quarterly},
  volume = {47},
  number = {2},
  pages = {309--328},
  issn = {0362-9805, 1939-9162},
  doi = {10.1111/lsq.12338},
  urldate = {2022-10-08},
  langid = {english},
  file = {C:\Users\au785183\Zotero\storage\56R9YIZ8\Appeldorn_Fortunato_2022_Legislative Capacity in Germany's Parliaments.pdf}
}

@article{baethgeFederallevelGovernmentParticipation2019,
  title = {Federal-Level {{Government Participation}} and {{State-level Electoral Performance}}: {{A Party-based Analysis}} of {{Land Elections}} in {{Germany}}, 1949--2017},
  shorttitle = {Federal-Level {{Government Participation}} and {{State-level Electoral Performance}}},
  author = {Baethge, Christopher and Dallend{\"o}rfer, Mirko and Kaiser, Andr{\'e}},
  year = {2019},
  month = oct,
  journal = {German Politics},
  volume = {28},
  number = {4},
  pages = {583--601},
  issn = {0964-4008, 1743-8993},
  doi = {10.1080/09644008.2019.1602121},
  urldate = {2023-11-28},
  langid = {english},
  file = {C:\Users\au785183\Zotero\storage\SUK5FVPJ\Baethge et al. - 2019 - Federal-level Government Participation and State-l.pdf}
}

@article{benoitChallengesEstimatingPolicy2009,
  title = {Challenges for {{Estimating Policy Preferences}}: {{Announcing}} an {{Open Access Archive}} of {{Political Documents}}},
  shorttitle = {Challenges for {{Estimating Policy Preferences}}},
  author = {Benoit, Kenneth and Br{\"a}uninger, Thomas and Debus, Marc},
  year = {2009},
  month = sep,
  journal = {German Politics},
  volume = {18},
  number = {3},
  pages = {441--454},
  issn = {0964-4008, 1743-8993},
  doi = {10.1080/09644000903055856},
  urldate = {2020-10-14},
  langid = {english},
  file = {C:\Users\au785183\Zotero\storage\5V5R5ZJZ\Benoit etal_2009_Challenges for Estimating Policy Preferences.pdf}
}

@book{braeuningerParteienwettbewerbDeutschenBundeslaendern2020,
  title = {{Parteienwettbewerb in den deutschen Bundesl{\"a}ndern}},
  author = {Br{\"a}uninger, Thomas and Debus, Marc and M{\"u}ller, Jochen and Stecker, Christian},
  year = {2020},
  publisher = {Springer Fachmedien Wiesbaden},
  address = {Wiesbaden},
  doi = {10.1007/978-3-658-29222-5},
  urldate = {2020-07-05},
  isbn = {978-3-658-29221-8 978-3-658-29222-5},
  langid = {ngerman},
  keywords = {Pflichttext},
  file = {C:\Users\au785183\Zotero\storage\2FT8MMDC\Bräuninger et al. - 2020 - Parteienwettbewerb in den deutschen Bundesländern.pdf}
}

@misc{brauningerPolidocnetCodebook2018,
  title = {Polidoc.Net {{Codebook}}},
  shorttitle = {Polidoc.{{Net Codebook}}},
  author = {Br{\"a}uninger, Thomas and Debus, Marc and Benoit, Kenneth and Bernauer, Julian},
  year = {2018},
  urldate = {2020-08-24},
  langid = {english},
  doi = {http://dx.doi.org/10.5281/zenodo.1067701},
  file = {C:\Users\au785183\Zotero\storage\ZIGPIKLJ\Bräuninger et al. - 2017 - Polidoc.Net Codebook National And Regional Manife.pdf}
}

@article{bundeswahlleiterErgebnisseFruehererLandtagswahlen2021,
  title = {{Ergebnisse fr{\"u}herer Landtagswahlen}},
  author = {{Bundeswahlleiter}},
  year = {2021},
  journal = {Informationen des Bundeswahlleiters},
  urldate = {2021-07-05},
  langid = {ngerman},
  keywords = {Gelesen},
  file = {C:\Users\au785183\Zotero\storage\JWA2PBGZ\Ergebnisse früherer Landtagswahlen.pdf}
}

@misc{bundeswahlleiterErgebnisseFruehererLandtagswahlen2022,
  title = {{Ergebnisse fr{\"u}herer Landtagswahlen}},
  author = {{Bundeswahlleiter}},
  year = {2022},
  urldate = {2022-11-11},
  langid = {ngerman},
  file = {C:\Users\au785183\Zotero\storage\U4DEXDNE\Ergebnisse früherer Landtagswahlen.pdf}
}

@article{casalbertoaVolatilityVolatilityMeasuring2017,
  title = {The Volatility of Volatility: {{Measuring}} Change in Party Vote Shares},
  shorttitle = {The Volatility of Volatility},
  author = {Casal B{\'e}rtoa, Fernando and {Deegan-Krause}, Kevin and Haughton, Tim},
  year = {2017},
  month = dec,
  journal = {Electoral Studies},
  volume = {50},
  pages = {142--156},
  issn = {02613794},
  doi = {10.1016/j.electstud.2017.09.007},
  urldate = {2022-09-05},
  abstract = {Volatility is a widely used term in political science, but even the most widely used measure of volatility, Pedersen's index, can mask as much as it reveals. His simple and elegant calculation has become part of the political science toolbox, but scholars employing this tool have tended to produce distinctly different results thanks to a series of decisions about measurement and classification. Using examples from Central Europe the critical role of decisions related to party continuity and threshold of inclusion are identified. The article not only unpacks the underlying questions addressed by different uses of Pedersen's index, but offers standards for choosing particular methods over others and outlines steps that should be followed in creating a more accurate measure of volatility.},
  langid = {english},
  file = {C:\Users\au785183\Zotero\storage\SPW82LKH\Casal Bértoa et al. - 2017 - The volatility of volatility Measuring change in .pdf}
}

@book{deckerHandbuchDeutschenParteien2018,
  title = {{Handbuch der deutschen Parteien}},
  editor = {Decker, Frank and Neu, Viola},
  year = {2018},
  edition = {3. Aufl},
  publisher = {Springer Fachmedien Wiesbaden},
  address = {Wiesbaden},
  doi = {10.1007/978-3-658-17995-3},
  urldate = {2021-06-14},
  isbn = {978-3-658-17994-6 978-3-658-17995-3},
  langid = {ngerman},
  file = {C:\Users\au785183\Zotero\storage\M8R33Y78\Decker und Neu - 2018 - Handbuch der deutschen Parteien.pdf}
}

@article{dinkelZusammenhangZwischenBundes1977,
  title = {{Der Zusammenhang zwischen Bundes- und Landtagswahlergebnissen}},
  author = {Dinkel, Reiner},
  year = {1977},
  journal = {Politische Vierteljahresschrift},
  volume = {18},
  number = {2},
  pages = {348--359},
  langid = {ngerman},
  file = {C:\Users\au785183\Zotero\storage\MDLI8RT8\Dinkel - 2021 - DER ZUSAMMENHANG ZWISCHEN BUNDES- UND LANDTAGSWAHL.pdf}
}

@article{doringPartyFactsDatabase2019,
  title = {Party {{Facts}}: {{A}} Database of Political Parties Worldwide},
  shorttitle = {Party {{Facts}}},
  author = {D{\"o}ring, Holger and Regel, Sven},
  year = {2019},
  month = mar,
  journal = {Party Politics},
  volume = {25},
  number = {2},
  pages = {97--109},
  issn = {1354-0688, 1460-3683},
  doi = {10.1177/1354068818820671},
  urldate = {2019-11-22},
  langid = {english},
  file = {C:\Users\au785183\Zotero\storage\ZFH49EET\Döring_Regel_2019_Party Facts.pdf}
}

@misc{fortunatoReplicationDataLegislative2021,
  title = {Replication {{Data}} for: {{Legislative Capacity}} in {{Germany}}'s {{Parliaments}}},
  shorttitle = {Replication {{Data}} For},
  author = {Fortunato, David and Appeldorn, Niels H.},
  year = {2021},
  publisher = {Harvard Dataverse},
  doi = {10.7910/DVN/BA8G7H},
  urldate = {2022-10-08},
  abstract = {This contains the raw and processed data necessary to recreate the tables and figures in the article or estimate new capacity scales for use in your research.}
}

@article{grossDoesEURegional2018,
  title = {Does {{EU}} Regional Policy Increase Parties' Support for {{European}} Integration?},
  author = {Gross, Martin and Debus, Marc},
  year = {2018},
  month = may,
  journal = {West European Politics},
  volume = {41},
  number = {3},
  pages = {594--614},
  issn = {0140-2382, 1743-9655},
  doi = {10.1080/01402382.2017.1395249},
  urldate = {2020-10-14},
  abstract = {How does EU funding to European regions affect sub-national parties' support for European integration? This paper aims at analysing whether the EU regional development policy contributes to setting up support for EU institutions and European integration and thus strengthens the whole `European idea' among political parties. To answer this research question, the article analyses election manifestos of parties acting on the regional level in Germany, the Netherlands, Spain and the UK for two EU programming periods: 2007-2013 and 2014-2020. The results show that sub-national parties are more supportive of European integration if regions receive more EU funding and if the parties represent regions that are dependent on EU funding.},
  langid = {english},
  file = {C:\Users\au785183\Zotero\storage\XQUKT662\Gross und Debus - 2018 - Does EU regional policy increase parties’ support .pdf}
}

@misc{hafenGeofacetGgplot2Faceting2020,
  title = {Geofacet: 'ggplot2' {{Faceting Utilities}} for {{Geographical Data}}},
  shorttitle = {Geofacet},
  author = {Hafen, Ryan and Schloerke, Barret},
  year = {2020},
  month = may,
  urldate = {2022-01-27},
  abstract = {Provides geofaceting functionality for 'ggplot2'. Geofaceting arranges a sequence of plots of data for different geographical entities into a grid that preserves some of the geographical orientation.},
  copyright = {MIT + file LICENSE},
  keywords = {Gelesen}
}

@article{heinsohnAdvancingPositionsPower2019a,
  title = {Advancing to Positions of Power in Parliament -- Does Seniority Matter?},
  author = {Heinsohn, Till and Schiefer, Melissa},
  year = {2019},
  month = oct,
  journal = {The Journal of Legislative Studies},
  volume = {25},
  number = {4},
  pages = {511--532},
  issn = {1357-2334, 1743-9337},
  doi = {10.1080/13572334.2019.1582185},
  urldate = {2022-06-04},
  abstract = {This article examines whether or not legislatures in which strict adherence to seniority rule is uncommon nevertheless follow seniority conventions when positions of power in parliament are appointed. For this purpose, career data is gathered on each of the 4,961 legislators who served in the sixteen German state parliaments between 1990 and 2012. In order to understand the linkages that describe career patterns within parliaments, the study refers to delegation theory. Differentiating between the offices of president of parliament, committee chair and parliamentary group leader, logistic regression analyses provide evidence that being the incumbent means being in the absolute best starting position to become (re-)selected. This finding holds for every one of the offices distinguished. Other facets of seniority, such as being a long-standing parliamentarian, a long-standing party member or a former government official, show up as being relevant from time to time. Socio-demographic factors, however, play only a minor role.},
  langid = {english},
  file = {C:\Users\au785183\Zotero\storage\4JX7DB3H\Heinsohn und Schiefer - 2019 - Advancing to positions of power in parliament – do.pdf}
}

@article{heinsohnInstitutionalDeterminantsLegislative2014,
  title = {Institutional {{Determinants}} of {{Legislative Turnover}} in the {{German State Parliaments}}: 1947--2012},
  shorttitle = {Institutional {{Determinants}} of {{Legislative Turnover}} in the {{German State Parliaments}}},
  author = {Heinsohn, Till},
  year = {2014},
  month = oct,
  journal = {The Journal of Legislative Studies},
  volume = {20},
  number = {4},
  pages = {473--494},
  issn = {1357-2334, 1743-9337},
  doi = {10.1080/13572334.2014.939433},
  urldate = {2023-04-28},
  langid = {english},
  file = {C:\Users\au785183\Zotero\storage\3U85JGXY\Heinsohn - 2014 - Institutional Determinants of Legislative Turnover.pdf}
}

@article{jollyChapelHillExpert2022,
  title = {Chapel {{Hill Expert Survey}} Trend File, 1999--2019},
  author = {Jolly, Seth and Bakker, Ryan and Hooghe, Liesbet and Marks, Gary and Polk, Jonathan and Rovny, Jan and Steenbergen, Marco and Vachudova, Milada Anna},
  year = {2022},
  month = feb,
  journal = {Electoral Studies},
  volume = {75},
  issn = {02613794},
  doi = {10.1016/j.electstud.2021.102420},
  urldate = {2021-11-17},
  abstract = {Research on party competition and political representation relies on valid cross-national measures of party po\- sitions. This research note reports on the 1999--2019 Chapel Hill expert survey (CHES), which contains measures of national party positioning on European integration, ideology, and several European Union (EU) and non-EU policies for six waves of the survey, from 1999 to 2019. The trend file provides party position measures for all 28 EU countries and 1196 party-year observations. In this article, we analyze the evolving party positions on Eu\- ropean integration from 1999 to 2019, with a particular focus on how EU positions are related to economic leftright and the Green/Alternative/Libertarian-Traditional/Authoritarian/Nationalist dimension (GAL-TAN). The dataset is publicly available on the CHES website.},
  langid = {english},
  file = {C:\Users\au785183\Zotero\storage\VTSKL5TG\Jolly et al. - 2022 - Chapel Hill Expert Survey trend file, 1999–2019.pdf}
}

@article{karpovMeasurementDisproportionalityProportional2008,
  title = {Measurement of Disproportionality in Proportional Representation Systems},
  author = {Karpov, Alexander},
  year = {2008},
  month = nov,
  journal = {Mathematical and Computer Modelling},
  volume = {48},
  number = {9-10},
  pages = {1421--1438},
  issn = {08957177},
  doi = {10.1016/j.mcm.2008.05.027},
  urldate = {2022-05-14},
  abstract = {Nineteen indices characterizing the disproportionality in a parliament are studied. A classification of these indices is suggested, and computational experiments and an axiomatic approach are used to study their properties. Effects of the number of parties and the degree of disproportionality are considered. The indices are evaluated for parliamentary elections (1995--2007) in Russia.},
  langid = {english},
  file = {C:\Users\au785183\Zotero\storage\EU5I9MVC\Karpov - 2008 - Measurement of disproportionality in proportional .pdf}
}

@incollection{kleinBundestestwahlenOderRegionalwahlen2008,
  title = {Bundestestwahlen Oder {{Regionalwahlen}}? {{Eine}} Empirische {{Analyse}} Der Nordrhein-Westf{\"a}lischen {{Landtagswahlen}}},
  shorttitle = {Bundestestwahlen Oder {{Regionalwahlen}}?},
  booktitle = {W{\"a}hler Und {{Landtagswahlen}} in Der {{Bundesrepublik Deutschland}}},
  author = {Klein, Markus and Ohr, Dieter},
  editor = {Gabriel, Oscar W. and Holtmann, Everhard and Schnapp, Kai-Uwe and V{\"o}lkl, Kerstin},
  year = {2008},
  pages = {219--239},
  publisher = {Nomos Verlagsgesellschaft mbH \& Co KG},
  doi = {10.5771/9783845211299-219},
  urldate = {2022-11-11},
  isbn = {978-3-8452-1129-9}
}

@misc{krausePPEGPoliticalParties2024a,
  title = {{{PPEG}} - {{Political Parties}}, {{Presidents}}, {{Elections}} and {{Governments}}, {{Version}} 2024v1},
  author = {Krause, Werner and Stelzle, Robert and {WZB Berlin}},
  year = {2024},
  pages = {3754195, 5176526, 1027760, 2015560, 840665, 6945400, 8512654, 1663547, 307242, 273726, 25285, 242712, 260152},
  publisher = {Harvard Dataverse},
  doi = {10.7910/DVN/K5AJAW},
  urldate = {2025-08-27},
  abstract = {The PPEG Database contains information on political parties, presidents, elections, and governments around the world. Version 2024v1 covers 73 countries in Africa, the Americas, Asia, Australia, and Europe between 1945 and 2023 including data on 3\,261 political parties, 1\,060 parliamentary elections, 380 presidential elections, and 1\,961 cabinets.  \&lt;br\&gt; \&lt;br\&gt; See https://ppeg.wzb.eu/ for additional information. \&lt;br\&gt; \&lt;br\&gt; Current collaborators: Werner Krause (since 2011, University of Potsdam) and Robert Stelzle (since 2020, WZB Berlin). \&lt;br\&gt; \&lt;br\&gt; Past contributors: Sven Regel (2009-2021), Klara Podkowik (2019-2020), Markus Konrad (2017, 2020), Clara Montero (2017-2019), Alexandra Keiner (2016-2019), Dag Tanneberg (2008-2011), Sandra Brunsbach (2005-2007), Felix Schwarzer (2003-2005), Alexander Belussov (2000-2003), Kai-Uwe Schnapp (1999-2002). \&lt;br\&gt; \&lt;br\&gt; Data collection initiated by Edeltraud Roller and Bernhard We{\ss}els (1999). \&lt;br\&gt; \&lt;br\&gt; Supported by the WZB Berlin Social Science Center.},
  collaborator = {Krause, Werner},
  copyright = {, Creative Commons Zero v1.0 Universal},
  keywords = {Political Parties Presidents Elections Governments Cabinets,Social Sciences}
}

@article{laaksoEffectiveNumberParties1979,
  title = {``{{Effective}}'' {{Number}} of {{Parties}}: {{A Measure}} with {{Application}} to {{West Europe}}},
  shorttitle = {``{{Effective}}'' {{Number}} of {{Parties}}},
  author = {Laakso, Markku and Taagepera, Rein},
  year = {1979},
  month = apr,
  journal = {Comparative Political Studies},
  volume = {12},
  number = {1},
  pages = {3--27},
  urldate = {2018-12-03},
  langid = {english},
  keywords = {Methode,Parteiensysteme,Wahlforschung},
  file = {C:\Users\au785183\Zotero\storage\7BZUDMNY\Laakso and Taagepera - 1979 - “Effective” Number of Parties A Measure with Appl.pdf}
}

@article{linhartProportionaleMinisterienaufteilungDeutschen2008,
  title = {{Die proportionale Ministerienaufteilung in deutschen Koalitionsregierungen: Akzeptierte Norm oder das Ausnutzen strategischer Vorteile?}},
  shorttitle = {{Die proportionale Ministerienaufteilung in deutschen Koalitionsregierungen}},
  author = {Linhart, Eric and Pappi, Franz Urban and Schmitt, Ralf},
  year = {2008},
  month = mar,
  journal = {Politische Vierteljahresschrift},
  volume = {49},
  number = {1},
  pages = {46--67},
  issn = {0032-3470, 1862-2860},
  doi = {10.1007/s11615-008-0087-0},
  urldate = {2021-05-26},
  langid = {ngerman},
  file = {C:\Users\au785183\Zotero\storage\JP57HLP5\Linhart et al. - 2008 - Die proportionale Ministerienaufteilung in deutsch.pdf}
}

@article{loosemoreTheoreticalLimitsMaximum1971,
  title = {The {{Theoretical Limits}} of {{Maximum Distortion}}: {{Some Analytic Expressions}} for {{Electoral Systems}}},
  shorttitle = {The {{Theoretical Limits}} of {{Maximum Distortion}}},
  author = {Loosemore, John and Hanby, Victor J.},
  year = {1971},
  journal = {British Journal of Political Science},
  volume = {1},
  number = {4},
  pages = {467--477},
  issn = {0007-1234, 1469-2112},
  doi = {10.1017/S000712340000925X},
  urldate = {2022-05-15},
  abstract = {The role of the electoral system in the political process is one which has long concerned political scientists. Traditionally, the emphasis has been on the `mechanical' effects that such systems have or are assumed to have, on such features as the number and strength of parties in a given political system. More often the debate became of a polemical nature, fought on the respective merits of one or other of the major electoral systems. The culmination of all this effort was that, until recently, research in this area of the discipline consisted almost entirely of a body of material, basically unsystematic in scope and essentially descriptive by nature. More contemporary research has concentrated on discovering the precise nature of the empirical relationship between electoral systems and party systems, with some degree of success. Our concern in this paper however, is not to contribute to the knowledge of the `mechanical' effects of electoral systems but, in a related fashion, to examine some possible theoretical properties that may have an equal importance for democratic theory.},
  langid = {english},
  file = {C:\Users\au785183\Zotero\storage\5B2YMINE\Loosemore und Hanby - 1971 - The Theoretical Limits of Maximum Distortion Some.pdf}
}

@book{mackieInternationalAlmanacElectoral1991,
  title = {The {{International Almanac}} of {{Electoral History}}},
  author = {Mackie, Thomas T and Rose, Richard},
  year = {1991},
  edition = {3},
  publisher = {Palgrave Macmillan Limited},
  address = {London},
  urldate = {2022-01-27},
  isbn = {978-1-349-09851-4},
  langid = {english},
  annotation = {OCLC: 1085175753},
  file = {C:\Users\au785183\Zotero\storage\R5EHNTT2\Mackie etal_2016_The International Almanac of Electoral History.pdf}
}

@incollection{niedermayerAnalyseParteiensystemen2013,
  title = {{Die Analyse von Parteiensystemen}},
  booktitle = {{Handbuch Parteienforschung}},
  author = {Niedermayer, Oskar},
  editor = {Niedermayer, Oskar},
  year = {2013},
  pages = {83--117},
  publisher = {Springer Fachmedien Wiesbaden},
  address = {Wiesbaden},
  doi = {10.1007/978-3-531-18932-1_3},
  urldate = {2022-05-14},
  isbn = {978-3-531-17698-7 978-3-531-18932-1},
  langid = {ngerman},
  file = {C:\Users\au785183\Zotero\storage\68WZLYKS\Niedermayer - 2013 - Handbuch Parteienforschung.pdf}
}

@incollection{niedermayerEntwicklungBundesdeutschenParteiensystems2018,
  title = {Die {{Entwicklung}} Des {{Bundesdeutschen Parteiensystems}}},
  booktitle = {Handbuch Der Deutschen {{Parteien}}},
  author = {Niedermayer, Oskar},
  editor = {Decker, Frank and Neu, Viola},
  year = {2018},
  edition = {3., erweiterte und aktualisierte Auflage},
  pages = {97--126},
  publisher = {Springer VS},
  address = {Wiesbaden},
  keywords = {Pflichttext},
  file = {C:\Users\au785183\Zotero\storage\U4Z2F3JQ\Niedermayer_2018_Die Entwicklung des Bundesdeutschen Parteiensystems.pdf}
}

@book{niedermayerHandbuchParteienforschung2013,
  title = {{Handbuch Parteienforschung}},
  editor = {Niedermayer, Oskar},
  year = {2013},
  publisher = {Springer VS},
  address = {Wiesbaden},
  isbn = {978-3-531-17698-7},
  langid = {ngerman},
  lccn = {JN3925 .H35 2013},
  keywords = {Lehrbuch,Parteiensysteme,Wahlforschung,Wahlsysteme},
  annotation = {OCLC: ocn853443507}
}

@book{nordsieckPartiesElectionsGermany2022,
  title = {Parties and {{Elections}} in {{Germany}} - {{Edition}} 2022},
  author = {Nordsieck, Wolfram},
  year = {2022},
  publisher = {BoD - Books on Demand},
  address = {Norderstedt},
  isbn = {978-3-7557-9449-3}
}

@article{pappiPartyElectionProgrammes2009,
  title = {Party {{Election Programmes}}, {{Signalling Policies}} and {{Salience}} of {{Specific Policy Domains}}: {{The German Parties}} from 1990 to 2005},
  shorttitle = {Party {{Election Programmes}}, {{Signalling Policies}} and {{Salience}} of {{Specific Policy Domains}}},
  author = {Pappi, Franz Urban and Seher, Nicole Michaela},
  year = {2009},
  month = sep,
  journal = {German Politics},
  volume = {18},
  number = {3},
  pages = {403--425},
  issn = {0964-4008, 1743-8993},
  doi = {10.1080/09644000903055831},
  urldate = {2020-10-14},
  langid = {english},
  file = {C:\Users\au785183\Zotero\storage\ZE8CKIQU\Pappi und Seher - 2009 - Party Election Programmes, Signalling Policies and.pdf}
}

@incollection{pappiPolitikpositionenDeutschenLandtagsparteien2014,
  title = {{Die Politikpositionen der deutschen Landtagsparteien und ihr Einfluss auf die Koalitionsbildung}},
  booktitle = {{Jahrbuch f{\"u}r Handlungs- und Entscheidungstheorie. R{\"a}umliche Modelle der Politik.}},
  author = {Pappi, Franz Urban and Seher, Nicole Michaela},
  editor = {Linhart, Eric and Kittel, Bernhard and B{\"a}chtiger, Andr{\'e}},
  year = {2014},
  pages = {171--205},
  publisher = {Springer VS},
  address = {Wiesbaden},
  doi = {10.1007/978-3-658-05008-5_6},
  urldate = {2020-10-14},
  isbn = {978-3-658-05007-8 978-3-658-05008-5},
  langid = {ngerman}
}

@article{pedersenDynamicsEuropeanParty1979,
  title = {The {{Dynamics}} of {{European Party Systems}}: {{Changing Patterns}} of {{Electoral Volatility}}},
  shorttitle = {{{THE DYNAMICS OF EUROPEAN PARTY SYSTEMS}}},
  author = {Pedersen, Mogens N.},
  year = {1979},
  month = mar,
  journal = {European Journal of Political Research},
  volume = {7},
  number = {1},
  pages = {1--26},
  issn = {0304-4130, 1475-6765},
  doi = {10.1111/j.1475-6765.1979.tb01267.x},
  urldate = {2022-05-14},
  langid = {english},
  file = {C:\Users\au785183\Zotero\storage\7JHFH8EL\Pedersen - 1979 - THE DYNAMICS OF EUROPEAN PARTY SYSTEMS CHANGING P.pdf}
}

@misc{ppegDatabasePoliticalParties2022,
  title = {Database "{{Political Parties}}, {{Presidents}}, {{Elections}}, and {{Governments}}". {{Version}}: 2022v1.},
  author = {{PPEG}},
  year = {2022},
  publisher = {WZB Berlin Social Science Center},
  address = {Berlin}
}

@article{raeNoteFractionalizationEuropean1968,
  title = {A {{Note}} on the {{Fractionalization}} of {{Some European Party Systems}}},
  author = {Rae, Douglas W.},
  year = {1968},
  month = oct,
  journal = {Comparative Political Studies},
  volume = {1},
  number = {3},
  pages = {413--418},
  issn = {0010-4140, 1552-3829},
  doi = {10.1177/001041406800100305},
  urldate = {2022-05-14},
  langid = {english},
  file = {C:\Users\au785183\Zotero\storage\RPHJA5RA\Rae - 1968 - A Note on the Fractionalization of Some European P.pdf}
}

@book{raePoliticalConsequencesElectoral1971,
  title = {The Political Consequences of Electoral Laws},
  author = {Rae, Douglas W.},
  year = {1971},
  edition = {Rev. ed.},
  publisher = {Yale University Press},
  address = {New Haven},
  isbn = {978-0-300-01517-1 978-0-300-01518-8},
  lccn = {JF1001 .R3 1971}
}

@article{runfolaGeoBoundariesGlobalDatabase2020,
  title = {{{geoBoundaries}}: {{A}} Global Database of Political Administrative Boundaries},
  shorttitle = {{{geoBoundaries}}},
  author = {Runfola, Daniel and Anderson, Austin and Baier, Heather and Crittenden, Matt and Dowker, Elizabeth and Fuhrig, Sydney and Goodman, Seth and Grimsley, Grace and Layko, Rachel and Melville, Graham and Mulder, Maddy and Oberman, Rachel and Panganiban, Joshua and Peck, Andrew and Seitz, Leigh and Shea, Sylvia and Slevin, Hannah and Youngerman, Rebecca and Hobbs, Lauren},
  editor = {Tang, Wenwu},
  year = {2020},
  month = apr,
  journal = {PLOS ONE},
  volume = {15},
  number = {4},
  pages = {e0231866},
  issn = {1932-6203},
  doi = {10.1371/journal.pone.0231866},
  urldate = {2022-01-27},
  langid = {english},
  keywords = {Gelesen},
  file = {C:\Users\au785183\Zotero\storage\XGQSP2UR\Runfola etal_2020_geoBoundaries.pdf}
}

@article{schakelCongruenceRegionalNational2013,
  title = {Congruence {{Between Regional}} and {{National Elections}}},
  author = {Schakel, Arjan H.},
  year = {2013},
  month = may,
  journal = {Comparative Political Studies},
  volume = {46},
  number = {5},
  pages = {631--662},
  issn = {0010-4140, 1552-3829},
  doi = {10.1177/0010414011424112},
  urldate = {2022-05-04},
  abstract = {The number of regional elections and what is at stake at these elections have increased considerably over the past decades. Yet the interpretation of regional election results lags behind, in particular explanations for when and how regional election results deviate from national election results. This article conceptualizes congruence of the vote in three different ways that make it possible to assess the contribution of three competing theoretical approaches in explaining variation in dissimilarity between vote shares across space and time. These approaches are second-order election theory, regional authority and territorial cleavages. The hypotheses are tested against a data set containing the results of more than 4,000 regional and national elections held in 360 regions in 18 countries. It appears that the depth of territorial cleavages explains variation across space, but to understand change over time one needs to consider institutional authority and secondorder election effects.},
  langid = {english},
  file = {C:\Users\au785183\Zotero\storage\S5IGBGC9\Schakel - 2013 - Congruence Between Regional and National Elections.pdf}
}

@misc{schakelRegionalElections,
  title = {Regional {{Elections}}},
  author = {Schakel, Arjan H.},
  urldate = {2022-05-04},
  howpublished = {https://www.arjanschakel.nl/index.php/regional-elections},
  file = {C:\Users\au785183\Zotero\storage\EY8FW54M\regional-elections.html}
}

@article{schakelRegionalSpilloverThirdorder2021,
  title = {Regional Spillover into Third-order {{European}} Elections},
  author = {Schakel, Arjan H.},
  year = {2021},
  month = jul,
  journal = {Governance},
  volume = {34},
  number = {3},
  pages = {643--663},
  issn = {0952-1895, 1468-0491},
  doi = {10.1111/gove.12434},
  urldate = {2022-05-04},
  abstract = {Second-order election research clearly reveals that national incumbency impacts on European election outcomes but despite the increasing importance of regions few studies explore the impact of regional politics. I theorize that governmental status at the regional level, regional authority, and the relative timing of the regional election affects vote share swings between European and previously held national elections. Based on an analysis including 12,545 vote share swings for 468 parties that compete elections held in 209 regions in 11 European Union member states since 1979, I find strong evidence for prospective regional voting, that is, voters rewarding parties in government at the regional level. First, parties that are in national opposition and in regional government incur larger vote share gains than parties that are in opposition at both levels. Second, these vote share gains become larger when regional authority increases and, third, when a regional election has preceded a European election.},
  langid = {english},
  file = {C:\Users\au785183\Zotero\storage\9HMZDLWG\Schakel - 2021 - Regional spillover into third‐order European elect.pdf}
}

@article{schakelWorldDifferenceSources2018a,
  title = {A World of Difference: The Sources of Regional Government Composition and Alternation},
  shorttitle = {A World of Difference},
  author = {Schakel, Arjan H. and Massetti, Emanuele},
  year = {2018},
  month = may,
  journal = {West European Politics},
  volume = {41},
  number = {3},
  pages = {703--727},
  publisher = {Routledge},
  issn = {0140-2382},
  doi = {10.1080/01402382.2017.1400237},
  urldate = {2022-11-11},
  abstract = {This article aims to explain longitudinal and cross-sectional variation in regional government composition -- oversized majorities and incongruence between regional and national governments (cross-cutting) -- and regional government alternation. The analysis focuses on the explanatory value of a wide range of regional-level institutional variables, such as majoritarian vs. proportional voting systems and established practices of consociationalism. In addition, it provides a tentative exploration of the impact of regional (i.e. non-state-wide) parties on government composition and alternation. The findings show that most institutional variables have the expected impact, e.g., majoritarian voting systems increase government alternation and consensual practices decrease both cross-cutting and alternation. The analysis also suggests that regional parties impact on government composition and alternation in two ways. Strong regional parties increase cross-cutting and, once in office, they tend to reduce alternation. Smaller regional parties out of office tend to increase alternation and to decrease oversized government as their seat shares grow.},
  keywords = {regional elections,regional executive,Regional government,regional parties},
  file = {C:\Users\au785183\Zotero\storage\27ZS2I53\Schakel_Massetti_2018_A world of difference.pdf}
}

@misc{scheuchGermanFederalState2015,
  title = {{German Federal State Election Studies - Integrated Dataset 1964-2004Landtagswahlen - Integrierter Datensatz 1964-2004}},
  author = {Scheuch, Erwin K. and Wildenmann, Rudolf and Baumert, Gerhard and Klingemann, Hans-Dieter and Kaase, Max and Adrian, Wolfgang and Berger, Manfred and INFRATEST, M{\"u}nchen and FORSA, Berlin},
  year = {2015},
  publisher = {GESIS Data Archive},
  doi = {10.4232/1.12389},
  urldate = {2023-11-12},
  abstract = {Kumulierter Datensatz der Studien zu den Landtagswahlen,B{\"u}rgerschaftswahlen und den Wahlen zum Abgeordnetenhaus inverschiedenen Bundesl{\"a}ndern von 1962 bis 2004. Themen: Aufgelistet sind alle Variablen, die im kumulierten Datensatzenthalten sind. Das bedeutet, dass nicht alle Themen zu jedem Zeitpunktund in jedem Bundesland erhoben wurden. Eigene Wahlbeteiligung an der kommenden Landtagswahl undBundestagswahl (Sonntagsfrage); Wahlverhalten bei der letzten sowie beider n{\"a}chsten Bundestagswahl; Parteiwahl bei der letzten sowie bei dern{\"a}chsten Landtagswahl; Kandidatenwahl bei der n{\"a}chsten Landtagswahl;wichtigste Probleme in Deutschland; Sympathie-Skalometer f{\"u}r CDU, SPD,FDP, Gr{\"u}ne, PDS, Republikaner und NPD auf Bundesebene und aufLandesebene; Einfluss von Landtagswahlen auf die Bundesebene;Sympathie-Skalometer f{\"u}r die Politiker Manfred Brunner, Ernst Albrecht,Alfred Dregger, Franz Josef Strauss, Walter Leissler Kiep, BernhardVogel, Uwe Barschel, Max Streibl, Edmund Stoiber, Eberhard Diepgen,Peter Lorenz, Richard von Weizs{\"a}cker, Erik Blumenfeld, HartmutPerschau, Dirk Fischer, Ole von Beust, Walter Wallmann, ManfredKanther, Roland Koch, Petra Roth, Wolfgang Sch{\"a}uble, Peter MichaelDiestel, Lothar de Maiziere, Alfred Gomolka, Willibald B{\"o}ck, KurtBiedenkopf, Rita S{\"u}ssmuth, Christian Wulff, Norbert Bl{\"u}m, BernhardWorms, Johannes Gerster, Carl-Ludwig Wagner, Hans-Otto Wilhelm, LudwigErhard, Peter Altmeier, Otto Schmidt, Theo Waigel, Helmut Kohl, BerndtSeite, Gottfried Milde, Lothar Sp{\"a}th, Herrmann H{\"o}cherl, Otto Schedl,Ludwig Huber, Alfons Goppel, Rainer Barzel, Franz Heubl, Frank Steffel,Angela Merkel, Christoph B{\"o}hr, Konrad Adenauer, Franz Meyers, KurtGeorg Kiesinger, Gerhard Stoltenberg, J{\"u}rgen R{\"u}ttgers, Helmut Linssen,Georg Milbradt, Eckhardt Rehberg, Wilhelm Fay, Heinrich von Bretano,Peter Widmann, Fritz Pirkl, Wilhelm Vorndran, Oskar St{\"u}binger, WilhelmLenz, Heinrich K{\"o}ppler, Richard Langenheine, Wilfried Hasselmann, BrunoBrandes, Gerhard Gies, Karheinz Weimar, Hans-Dietrich Genscher,Heinrich J{\"u}rgens, Ekkehard Gries, Hans J{\"u}rgen J{\"a}ger, Klaus Brunnstein,Dr. G{\"u}nther Storch, Hans-G{\"u}nther Heinz, Neithardt Neitzel, WalterRasch, Guido Brunner, Horst Rehberger, Achim Rohde, Rolf Bialas, HelgaSchuchhardt, Ingo von M{\"u}nch, Gisela Wild, Frank-Michael Wiegand, RuthWagner, R{\"o}tger Gro{\ss}, Walter Hirche, Hans-Michael Goldmann, RainerBr{\"u}derle, Wolfgang Gerhardt, J{\"u}rgen M{\"o}llemann, Walter Scheel, JosefErtl, G{\"u}nter Rexrodt, Rudolf Lange, Hildegard Hamm-Br{\"u}cher, ReinhardSoltau, Hans-Artur Bauckhage, Erich Mende, Willy Weyer, Rainer Ortleb,Holger Zastrow, Wolfgang Mischnik, Heinz Herbert Karry, WinfriedHedergott, Sabine Leutheuser-Schnarrenberger, Wolfgang L{\"u}ders, DieterBiallas, Klaus Dehler, Otto Bezold, Klaus Ebermann, Roland Vogt, KristaSager, Joschka Fischer, Priska Hinz, Iris Blaul, Rebecca Harms,Elfriede Gr{\"u}tzmacher, Heidemarie Bischoff-Pflanz, Renate K{\"u}nast, SybillKlotz, Christa G{\"o}tsch, Ise Thomas, B{\"a}rbel H{\"o}hn, Gunda R{\"o}stel, AntjeHermenau, Evelin Sch{\"o}nhut-Keil, Margarete Bause, Dirk Treber, GregorGysi, Carola Freundl, Harald Wolf, Peter Porsch, Hermann M{\"u}ller, HelmutHolter, Catherina Muth, Karl-Heinz Hiersemann, Johannes Rau, KarlRavens, Holger B{\"o}rner, Helmut Rothemund, Klaus von Dohnanyi, HugoBrandt, Bj{\"o}rn Engholm, Oskar Lafontaine, Renate Schmidt, RudolfScharping, Walter Momper, Hans Apel, Dietrich Stobbe, Hans-JochenVogel, Ingrid Stahmer, Henning Voscherau, Hans Eichel, Jockel Fuchs,Hans Krollmann, Volker Hauff, Harald Ringstorff, Wolfgang Thierse,Manfred Stolpe, Reinhard H{\"o}ppner, Friedhelm Farthmann, Anke Fuchs,Gerhard Glogowski, Kurt Beck, Willy Brandt, Karl-Heinz Kunckel, GerhardSchr{\"o}der, Herbert Wehner, Volkmar Gabert, Klaus Wowereit, Ortwin Runde,Thomas Mirow, Sigmar Gabriel, Fritz Erler, Heinz K{\"u}hn, Helmut Schmidt,Karl Schiller, Wolfgang Clement, Thomas Jurk, Georg August Zinn, AlbertOsswald, Gerhard B{\"o}kel, Fritz Holthoff, Georg Diederichs, RichardLehners, Alfred Kubel, Klaus Klinger, Franz Maget, Waldemar vonKnoeringen, Wilhelm Hoegner, Hans-Ulrich Klose, Ronald Schill, DirkNockemann, Adolf von Thadden, Franz Sch{\"o}nhuber, J{\"u}rgen Hunke;Wahlberechtigung des Befragten; Nutzung von Wahllokal oder Briefwahl;Sicherheit und Zeitpunkt der eigenen Wahlentscheidung bei derLandtagswahl; vermuteter Gewinner der Landtagswahl; Wahrscheinlichkeitvon Landtagssitzen f{\"u}r FDP, Republikaner, Gr{\"u}ne, FW/FWG, STATT-Partei,DVU und NPD; Einstellung zu Landtagssitzen f{\"u}r FDP, Gr{\"u}ne, Republikanerund NPD; Gr{\"u}nde f{\"u}r die Wahlentscheidung: Kernkraftwerk, Schule,Schulpolitik, Raketen, Hafenerweiterung, Umweltschutz,Arbeitslosigkeit, Preisstabilit{\"a}t, Kriminalit{\"a}tsbek{\"a}mpfung,Rentensicherung, Energieversorgung, Ausl{\"a}nder; Parteianh{\"a}nger mitaktivstem Wahlkampf; Politikinteresse; Parteineigung;Parteiidentifikation; st{\"a}rkste und zweitst{\"a}rkste Parteisympathie;nicht-w{\"a}hlbare Parteien (CDU, SPD, FDP); Zufriedenheit mitSpitzenkandidat; Ministerpr{\"a}sidentenpr{\"a}ferenz; herausragendeEigenschaften des bevorzugten Spitzenkandidaten: Glaubw{\"u}rdigkeit,Tatkraft, Sympathie, Verantwortungsbewusstsein, Sachverstand,Siegertyp, F{\"u}hrungsst{\"a}rke, B{\"u}rgern{\"a}he, Modernit{\"a}t, Soziabilit{\"a}t,Ehrlichkeit, Vertrautheit mit dem Land; Bewertung desMinisterpr{\"a}sidenten; kompetenteste Partei bzw. Regierung f{\"u}r: dieBek{\"a}mpfung von Arbeitslosigkeit, den Umweltschutz, dieAusl{\"a}nderpolitik, die Verbesserung der wirtschaftlichen Lage, dieSchaffung neuer Arbeitspl{\"a}tze, die Bildungspolitik, dieKriminalit{\"a}tsbek{\"a}mpfung, die Verbesserung des Wohnungsmarktes, dieL{\"o}sung aktueller wirtschaftlicher Probleme, die Verkehrspolitik und dieL{\"o}sung zuk{\"u}nftiger Probleme; Koalitionspr{\"a}ferenz; Einstellung zurAlleinregierung einer gro{\ss}en Partei und zu einer Gro{\ss}en Koalition;Zufriedenheits-Skalometer f{\"u}r die Bundesregierung und dieLandesregierung; Zufriedenheits-Skalometer f{\"u}r die Parteien in derLandesregierung (CDU, SPD, FDP, Gr{\"u}ne, PDS, STATT-Partei und ParteiRechtsstaatliche Offensive) sowie zu den Parteien in der Opposition(CDU, SPD, FDP, Gr{\"u}ne und PDS); Beeinflussung der Wahlentscheidungdurch Bundes- oder Landespolitik; Wichtigkeit der Bundespolitik f{\"u}r dieWahlentscheidung; Kenntnis der Spitzenkandidaten von CDU, PDS und SPD;Bewertung der wirtschaftlichen Lage allgemein sowie erwartetewirtschaftliche Lage in einem Jahr; Einsch{\"a}tzung derKonjunkturentwicklung; Vergleich der wirtschaftlichen Lage desBundeslandes mit der der gesamten Bundesrepublik; Vergleich derwirtschaftlichen Lage des eigenen Bundeslandes in den neuenBundesl{\"a}ndern mit dem Rest von Ostdeutschland; Bewertung derwirtschaftlichen Lage der BRD; Bewertung der eigenen wirtschaftlichenLage; Wichtigkeit von Umweltschutz; Bedrohung durch Kriminalit{\"a}t;Forderungen an die Regierung bez{\"u}glich Raketenstopp bzw. Stationierungneuer Raketen in der BRD; Forderungen nach Ausl{\"a}nderzuzugs-Stopp;Einstellung zu Ausl{\"a}ndern, Asyl und Asylrecht; Wichtigkeit derBek{\"a}mpfung von Arbeitslosigkeit im jeweiligen Bundesland; Vorbereitungdes Landes auf die Herausforderungen der Zukunft; Kirchgangsh{\"a}ufigkeit;Einstellung zur Erh{\"o}hung der Einkommenssteuer und Mineral{\"o}lsteuer;Zufriedenheit mit der Wohnungsmarktsituation; Wichtigkeit von Ruhe undOrdnung; Einstellung zum Bruch der PDS mit der SED-Vergangenheit sowiezum Umgang der anderen Parteien mit der PDS; Forderungen an die SPD unddie Gr{\"u}nen; Bewertung einer SPD/Gr{\"u}nen-Regierung unter PDS-Duldung;Bewertung einer SPD/PDS-Koalition; Rangplatz von CDU, SPD, FDP, Gr{\"u}nen,NPD und DKP; Einstellung zur Stilllegung von Atomkraftwerken sowie zumNeubau von Atomkraftwerken; Bedeutung unterschiedlicher Regierungen f{\"u}rdas Land; Vor- und Nachteile der Wiedervereinigung f{\"u}r das jeweiligeBundesland in den Bereichen Arbeitspl{\"a}tze, Wohnungsmarkt, sozialesNetz, Steuererh{\"o}hung, Staatsverschuldung, Wirtschaft, Neutralit{\"a}t undNachteile f{\"u}r den Westen; Einstellung zur Vereinigung; Beurteilung desUmtauschverh{\"a}ltnisses der Ostmark; Steuererh{\"o}hung zur Finanzierung derdeutschen Einheit; gerechtfertigte Unzufriedenheit der Ostdeutschen mitder Angleichung der Lebensverh{\"a}ltnisse; Vor- und Nachteile derWiedervereinigung auf lange Sicht; Wichtigkeit des Wirtschaftswachstumsim jeweiligen Bundesland; Wichtigkeit der finanziellen Unterst{\"u}tzungf{\"u}r die Landwirtschaft; Zufriedenheit mit den Verkehrsverh{\"a}ltnissen;Kompetenz einer Koalition aus CDU/CSU und FDP bzw. aus SPD und Gr{\"u}nenbei der Arbeitslosigkeitsbek{\"a}mpfung; kompetenteste Regierung zurBek{\"a}mpfung der Kriminalit{\"a}t, in der Schulpolitik und in derUmweltschutzpolitik; Regierung mit Verkehrspolitik im Sinne desBefragten; kompetenteste Partei f{\"u}r die Angleichung derOst-West-Lebensverh{\"a}ltnisse. Demographie: Geschlecht; Familienstand; Stellung des Befragten imHaushalt (Haushaltsvorstand); Befragter als Hauptverdiener im Haushalt;Konfession; Heimatvertriebener oder Fl{\"u}chtling; DDR-Fl{\"u}chtlingsstatusdes Befragten, des Vaters, der Mutter, des Ehepartners oder andererFamilienmitglieder; Alter; Haushaltsgr{\"o}{\ss}e; Zusammenleben mit einemPartner; Berufst{\"a}tigkeit; Angestelltenstatus; Berufsgruppe;Beamtenstatus; Arbeitsplatzgef{\"a}hrdung des Befragten sowie nahestehender Personen; Arbeitslosigkeit nahe stehender Personen;Berufst{\"a}tigkeit, Angestelltenstatus, Berufsgruppe und Beamtenstatus desHaushaltsvorstands; angestrebter Schulabschluss; Schulabschluss;Berufsausbildung; Gesellenpr{\"u}fung des Haushaltsvorstandes; Wohnstatus(zur Miete oder Eigentum); Ortsgr{\"o}{\ss}e des Wohnsitzes; sozialeBeschreibung der Wohngegend; Mitgliedschaft in Gewerkschaften;Milit{\"a}rstatus des Befragten sowie des Haushaltsvorstands;Haushaltsausstattung: Kfz, Telefon, Fernsehger{\"a}t; Sorge um denArbeitsplatz; Betroffenheit von Arbeitslosigkeit.},
  collaborator = {{DIVO, Frankfurt INFRATEST, M{\"u}nchen MARPLAN, Offenbach Forschungsgruppe Wahlen, Mannheim FORSA, Berlin USUMA, Berlin EMNID, Bielefeld}},
  copyright = {Alle im GESIS DBK ver{\"o}ffentlichten Metadaten sind frei verf{\"u}gbar unter den Creative Commons CC0 1.0 Universal Public Domain Dedication. GESIS bittet jedoch darum, dass Sie alle Metadatenquellen anerkennen und sie nennen, etwa die Datengeber oder jeglichen Aggregator, inklusive GESIS selbst. F{\"u}r weitere Informationen siehe https://dbk.gesis.org/dbksearch/guidelines.asp?db=d, All metadata from GESIS DBK are available free of restriction under the Creative Commons CC0 1.0 Universal Public Domain Dedication. However, GESIS requests that you actively acknowledge and give attribution to all metadata sources, such as the data providers and any data aggregators, including GESIS. For further information see https://dbk.gesis.org/dbksearch/guidelines.asp},
  langid = {ngerman},
  keywords = {Community urban and rural life,Conflict security and peace,Economic conditions and indicators,Economic policy public expenditure and revenue,Economic systems and development,Elections,Energiequellen und naturliche Rohstoffquellen,Energy and natural resources,Gemeinde Wohnumgebung Stadtleben und Landleben,Government political systems and organisations,Housing,KAT15 Political Attitudes and Behavior,Konflikte Sicherheit und Frieden,Migration,Political behaviour and attitudes,Political ideology,Politische Ideologie,Politisches Verhalten und politische Einstellungen,Regierung politische Systeme Parteien und Organisationen,Wahlen,Wirtschaftliche Lage und Indikatoren,Wirtschaftspolitik offentliche Ausgaben und Einnahmen,Wirtschaftssysteme und wirtschaftliche Entwicklung,Wohnraum}
}

@misc{schroderWahlenDeutschland2022,
  title = {Wahlen in {{Deutschland}}},
  author = {Schr{\"o}der, Valentin},
  year = {2022},
  urldate = {2022-11-11},
  howpublished = {https://www.wahlen-in-deutschland.de/index.html}
}

@book{wzbDatabasePartiesElections2021,
  title = {Database '{{Parties}}, {{Elections}}, and {{Governments}}'of the {{Department Democracy}} and {{Democratization}}},
  author = {{WZB}},
  year = {2021},
  publisher = {WZB Berlin Social Science Center}
}
